@inproceedings{katz2017reluplex,
  title={Reluplex: An efficient {SMT} solver for verifying deep neural networks},
  author={Katz, Guy and Barrett, Clark and Dill, David L and Julian, Kyle and Kochenderfer, Mykel J},
  booktitle={Computer Aided Verification: 29th International Conference, CAV 2017, Heidelberg, Germany, July 24-28, 2017, Proceedings, Part I 30},
  pages={97--117},
  year={2017},
  organization={Springer}
}
@misc{onnx,
  title = {{Open Neural Network Exchange (ONNX)}},
  author = {{ONNX Contributors}},
  howpublished = {\url{https://onnx.ai/}},
  year = {Accessed: 2023}
}

@misc{abc,
  author = {huanzhang12},
  title = {alpha-beta-CROWN},
  year = {2021},
  publisher = {GitHub},
  journal = {GitHub repository},
  howpublished = {\url{https://github.com/Verified-Intelligence/alpha-beta-CROWN}}
}

@article{kochenderfer2011robust,
  title={Robust airborne collision avoidance through dynamic programming},
  author={Kochenderfer, Mykel J and Chryssanthacopoulos, JP},
  journal={Massachusetts Institute of Technology, Lincoln Laboratory, Project Report ATC-371},
  volume={130},
  year={2011}
}

@article{xu2020automatic,
  title={Automatic perturbation analysis for scalable certified robustness and beyond},
  author={Xu, Kaidi and Shi, Zhouxing and Zhang, Huan and Wang, Yihan and Chang, Kai-Wei and Huang, Minlie and Kailkhura, Bhavya and Lin, Xue and Hsieh, Cho-Jui},
  journal={Advances in Neural Information Processing Systems},
  volume={33},
  year={2020}
}

@article{zhang2022general,
  title={General Cutting Planes for Bound-Propagation-Based Neural Network Verification},
  author={Zhang, Huan and Wang, Shiqi and Xu, Kaidi and Li, Linyi and Li, Bo and Jana, Suman and Hsieh, Cho-Jui and Kolter, J Zico},
  journal={Advances in Neural Information Processing Systems},
  year={2022}
}

@article{wang2021beta,
  title={{Beta-CROWN}: Efficient bound propagation with per-neuron split constraints for complete and incomplete neural network verification},
  author={Wang, Shiqi and Zhang, Huan and Xu, Kaidi and Lin, Xue and Jana, Suman and Hsieh, Cho-Jui and Kolter, J Zico},
  journal={Advances in Neural Information Processing Systems},
  volume={34},
  year={2021}
}

@inproceedings{xu2021fast,
    title={{Fast and Complete}: Enabling Complete Neural Network Verification with Rapid and Massively Parallel Incomplete Verifiers},
    author={Kaidi Xu and Huan Zhang and Shiqi Wang and Yihan Wang and Suman Jana and Xue Lin and Cho-Jui Hsieh},
    booktitle={International Conference on Learning Representations},
    year={2021},
    url={https://openreview.net/forum?id=nVZtXBI6LNn}
}

@article{zhang2018efficient,
  title={Efficient Neural Network Robustness Certification with General Activation Functions},
  author={Zhang, Huan and Weng, Tsui-Wei and Chen, Pin-Yu and Hsieh, Cho-Jui and Daniel, Luca},
  journal={Advances in Neural Information Processing Systems},
  volume={31},
  pages={4939--4948},
  year={2018},
  url={https://arxiv.org/pdf/1811.00866.pdf}
}

@misc{abc,
  author = {stanleybak},
  title = {nnenum},
  year = {2020},
  publisher = {GitHub},
  journal = {GitHub repository},
  howpublished = {\url{https://github.com/stanleybak/nnenum}}
}

@inproceedings{bak2020cav,
  title={Improved Geometric Path Enumeration for Verifying ReLU Neural Networks},
  author={Bak, Stanley and Tran, Hoang-Dung and Hobbs, Kerianne and Johnson, Taylor T.},
  booktitle={Proceedings of the 32nd International Conference on Computer Aided Verification},
  year={2020},
  organization={Springer}
}

@InProceedings{10.1007/978-3-030-25540-4_26,
author="Katz, Guy
and Huang, Derek A.
and Ibeling, Duligur
and Julian, Kyle
and Lazarus, Christopher
and Lim, Rachel
and Shah, Parth
and Thakoor, Shantanu
and Wu, Haoze
and Zelji{\'{c}}, Aleksandar
and Dill, David L.
and Kochenderfer, Mykel J.
and Barrett, Clark",
editor="Dillig, Isil
and Tasiran, Serdar",
title="The Marabou Framework for Verification and Analysis of Deep Neural Networks",
booktitle="Computer Aided Verification",
year="2019",
publisher="Springer International Publishing",
address="Cham",
pages="443--452",
}

@article{shi2023generalnonlinear,
  title={Formal Verification for Neural Networks with General Nonlinearities via Branch-and-Bound},
  author={Shi, Zhouxing and Jin, Qirui and Kolter, J Zico and Jana, Suman and Hsieh, Cho-Jui and Zhang, Huan},
  journal={2nd Workshop on Formal Verification of Machine Learning (WFVML 2023)},
  year={2023}
}

@inproceedings{10.1007/978-3-030-76384-8_2,
author = {Bak, Stanley},
title = {nnenum: Verification of ReLU Neural Networks with Optimized Abstraction Refinement},
year = {2021},
isbn = {978-3-030-76383-1},
publisher = {Springer-Verlag},
address = {Berlin, Heidelberg},
url = {https://doi.org/10.1007/978-3-030-76384-8_2},
doi = {10.1007/978-3-030-76384-8_2},
booktitle = {NASA Formal Methods: 13th International Symposium, NFM 2021, Virtual Event, May 24–28, 2021, Proceedings},
pages = {19–36},
numpages = {18},
keywords = {ACAS Xu, ReLU, Neural network verification}
}

@misc{brix2023fourth,
      title={The Fourth International Verification of Neural Networks Competition (VNN-COMP 2023): Summary and Results}, 
      author={Christopher Brix and Stanley Bak and Changliu Liu and Taylor T. Johnson},
      year={2023},
      eprint={2312.16760},
      archivePrefix={arXiv},
      primaryClass={cs.LG}
}