@inproceedings{katz2017reluplex,
  title={Reluplex: An efficient SMT solver for verifying deep neural networks},
  author={Katz, Guy and Barrett, Clark and Dill, David L and Julian, Kyle and Kochenderfer, Mykel J},
  booktitle={Computer Aided Verification: 29th International Conference, CAV 2017, Heidelberg, Germany, July 24-28, 2017, Proceedings, Part I 30},
  pages={97--117},
  year={2017},
  organization={Springer}
}
@misc{onnx,
  title = {{Open Neural Network Exchange (ONNX)}},
  author = {{ONNX Contributors}},
  howpublished = {\url{https://onnx.ai/}},
  year = {Accessed: 2023}
}
